@incollection{calfire,
author = {Helen Kerstein},
publisher = {The California Legislature's Nonpartisan Fiscal and Policy Advisor},
title = {Improving Legislative Oversight of CalFireâ€™s Emergency Fire Protection Budget},
year = {2023}
}

@article{Hinton06,
author = {Hinton, Geoffrey E. and Osindero, Simon and Teh, Yee Whye},
journal = {Neural Computation},
pages = {1527--1554},
title = {A Fast Learning Algorithm for Deep Belief Nets},
volume = {18},
year = {2006}
}

@book{goodfellow2016deep,
title={Deep learning},
author={Goodfellow, Ian and Bengio, Yoshua and Courville, Aaron and Bengio, Yoshua},
volume={1},
year={2016},
publisher={MIT Press}
}
